% This file was created with JabRef 2.10.
% Encoding: UTF-8


@Electronic{Oetiker2015,
  Title                    = {The Not So Short Introduction To {\LaTeXe}},
  Author                   = {Oetiker, Tobi and Partl, Hubert and Hyna, Irene and Schlegl, Elisabeth},
  Note                     = {Geraadpleegd op 2016-02-17},
  Url                      = {https://tobi.oetiker.ch/lshort/lshort.pdf},
  Year                     = {2015},

  Edition                  = {Version 5.05},
  Owner                    = {bert},
  Timestamp                = {2016.02.17}
}

@MastersThesis{VanDerPlaetsen2013,
  Title                    = {Het inzetten van sensoren in de smartphone voor het verbeteren van de fanbeleving},
  Author                   = {Van Der Plaetsen, Thomas},
  School                   = {Hogeschool Gent},
  Year                     = {2013},
  Type                     = {Bachelorproef},

  Owner                    = {bert},
  Timestamp                = {2016.02.17}
}

