% Encoding: UTF-8

@Electronic{Nordenstam2014,
  author    = {Nordenstam, Garry},
  title     = {Prioritizing LMS Requirements Using the MoSCoW Method},
  year      = {2014},
  url       = {http://www.learninglensinc.com/learninglens-offerings/prioritizing-lms-requirements-using-the-moscow-method/},
  urldate   = {2016-02-18},
  abstract  = {To make the most informed decision when evaluating and selecting a Learning Management System, the business and technical requirements need to be properly prioritized. A very useful technique is to use a meaningful word set such as the MoSCoW method.

The meaning of the MoSCoW word set helps stakeholders understand what they are doing during prioritization in a way that other methods of prioritization do not.},
  owner     = {bert},
  timestamp = {2016.02.18},
}

@Electronic{Oetiker2015,
  author    = {Oetiker, Tobi and Partl, Hubert and Hyna, Irene and Schlegl, Elisabeth},
  title     = {The Not So Short Introduction To {\LaTeXe}},
  year      = {2015},
  url       = {https://tobi.oetiker.ch/lshort/lshort.pdf},
  urldate   = {2016-02-17},
  edition   = {Version 5.05},
  file      = {Oetiker2015.pdf:Oetiker2015.pdf:PDF},
  owner     = {bert},
  timestamp = {2016.02.17},
}

@Book{Pollefliet2011,
  Title                    = {Schrijven van verslag tot eindwerk: do's en don'ts},
  Author                   = {Pollefliet, Leen},
  Publisher                = {Academia Press},
  Year                     = {2011},

  Address                  = {Gent},

  Owner                    = {bert},
  Timestamp                = {2016.02.17}
}

@MastersThesis{VanDerPlaetsen2013,
  author      = {Van Der Plaetsen, Thomas},
  title       = {Het inzetten van sensoren in de smartphone voor het verbeteren van de fanbeleving},
  institution = {Hogeschool Gent},
  year        = {2013},
  type        = {Bachelorproef},
  file        = {VanDerPlaetsen2013.pdf:VanDerPlaetsen2013.pdf:PDF},
  owner       = {bert},
  timestamp   = {2016.02.17},
}

@Comment{jabref-meta: databaseType:biblatex;}
